@inproceedings{zeller2011failure,
	title={Failure is a four-letter word: A parody in empirical research},
	author={Zeller, Andreas and Zimmermann, Thomas and Bird, Christian},
	booktitle={Proceedings of the 7th International Conference on Predictive Models in Software Engineering},
	pages={1--7},
	year={2011}
}

@article{watling2021don,
	title={Don't be reviewer 2! Reflections on writing effective peer review comments},
	author={Watling, Chris and Ginsburg, Shiphra and Lingard, Lorelei},
	journal={Perspectives on Medical Education},
	volume={10},
	number={5},
	pages={299--303},
	year={2021},
	publisher={Springer}
}
